

@Book{DBLP:conf/dlog/2003handbook,
  editor    = {F. Baader and
               D. Calvanese and
               D. McGuinness and
               D. Nardi and
               P. Patel-Schneider},
  title     = {The Description Logic Handbook: Theory, Implementation, and Applications},
  publisher = {Cambridge University Press},
  year      = {2003},
  isbn      = {0-521-78176-0},
}

@inproceedings{baker98berkeley,
    author = "C. Baker and C. Fillmore and J. Lowe",
    title = "The {B}erkeley {F}rame{N}et Project",
    booktitle = "Proc.\ of the 36th Annual Meeting of the {ACL} 
                 and 17th Int.\ Conf.\ on Computational Linguistics",
    publisher = "Morgan Kaufmann Publishers",
    editor = "C. Boitet and P. Whitelock",
    pages = "86--90",
    year = "1998",
}

@book{lin98wordnet,
 EDITOR = {C. Fellbaum},
 howpublished = {Hardcover},
 isbn = {026206197X},
 keywords = {wordnet},
 month = {May},
 publisher = {{The MIT Press}}, 
 title = {WordNet: An Electronic Lexical Database (Language, Speech, and Communication)}, 
 year = {1998} } 

@incollection{Quillian88,
  AUTHOR = {M. Quillian},
  TITLE = {Semantic Memory},
  YEAR = 1988,
  BOOKTITLE = {Readings in Cognitive Science: A Perspective from Psychology and Artificial Intelligence},
  EDITOR = {A. Collins and E. Smith},
  PUBLISHER = {Kaufmann},
  PAGES = {80-101},
  KEYWORDS = {}}

@TechReport{Minsky74,
  author =       {M. Minsky},
  title =        {A Framework for Representing Knowledge},
  institution =  {MIT, A.I. Lab.},
  type =         {Report},
  number =       {A. I. MEMO 306},
  note =         {McGraw-Hill, P. Winston (Ed.), ``Psychology of
                 Computer Vision'', 1975},
  year =         {1974},
}

@book{Davidson80,
  AUTHOR = {D. Davidson},
  TITLE = {Essays on Actions and Events},
  YEAR = 1980,
  PUBLISHER = {Clarendon},
  ADDRESS = {Oxford},
  ABSTRACT = {}}

@InProceedings{HaMo01e,
  author = 	 {V. Haarslev and R. M{\"o}ller},
  title = 	 {Description of the {RACER} System and its Applications},
  booktitle = {Proc.\ Int.\ Workshop on DLs (DL-2001)},
  pages = 	 {131--141},
  year = 	 {2001},
}

@inproceedings{DBLP:conf/mlcw/DaganGM05,
  author    = {I. Dagan and
               O. Glickman and
               B. Magnini},
  title     = {The {PASCAL} {R}ecognising {T}extual {E}ntailment {C}hallenge.},
  booktitle = {Machine Learning Challenges Workshop},
  year      = {2005},
  pages     = {177-190},
  crossref  = {DBLP:conf/mlcw/2005},
  bibsource = {DBLP, http://dblp.uni-trier.de}
}}

@incollection{areces05:_hybrid_logic,
  author    = {C. Areces and 
               B. ten Cate},
  title     = {Hybrid Logics},
  booktitle = {Handbook of Modal Logics},
  publisher = {Elsevier},
  year      = 2006,
  editor    = {Blackburn, P. and 
               Wolter, F. and 
               van Benthem, J.},
}

@inproceedings{logrte,
  author = {J. Bos and
            K. Markert},
  title = {When logical inference helps determining textual entailment (and when it doesn't)},
  year = {2006},
  booktitle = {Pascal, Proceedings of the Second Challenge Workshop, Recognizing Textual Entailment},}

@inproceedings{cctb,
  author = {J. Curran and
            S. Clark and
            J. Bos},
  title = {{L}inguistically {M}otivated {L}arge-{S}cale {NLP} with {C\&C} and {B}oxer},
  booktitle = {Proceedings of the Demonstrations Session of the 45th Annual Meeting of the Association for Computational Linguistics (ACL-07), Prague, Czech Republic, 2007},
  note = {To appear},
}